<record><leader>00000cas a2200000 a 4500</leader><controlfield tag="001">12961287</controlfield><controlfield tag="008">851231d18971910aruwr ne      0    0eng d</controlfield><datafield ind1=" " ind2=" " tag="010"><subfield code="a">sn 85032951 </subfield></datafield><datafield ind1=" " ind2=" " tag="040"><subfield code="a">KSH</subfield><subfield code="b">eng</subfield><subfield code="c">KSH</subfield><subfield code="d">NPT</subfield><subfield code="d">ANU</subfield><subfield code="d">OCL</subfield><subfield code="d">OCLCQ</subfield><subfield code="d">OCLCF</subfield><subfield code="d">OCLCO</subfield></datafield><datafield ind1="1" ind2=" " tag="029"><subfield code="a">AU@</subfield><subfield code="b">000022167807</subfield></datafield><datafield ind1=" " ind2=" " tag="042"><subfield code="a">msc</subfield></datafield><datafield ind1=" " ind2=" " tag="043"><subfield code="a">n-us-ar</subfield></datafield><datafield ind1="0" ind2=" " tag="130"><subfield code="a">Journal-advance (Gentry, Ark. : 1897)</subfield></datafield><datafield ind1="1" ind2="0" tag="245"><subfield code="a">Journal-advance.</subfield></datafield><datafield ind1=" " ind2=" " tag="260"><subfield code="a">Gentry, Ark. :</subfield><subfield code="b">M.G. Bennett, Arthur Tallman</subfield></datafield><datafield ind1=" " ind2=" " tag="300"><subfield code="a">v.</subfield></datafield><datafield ind1=" " ind2=" " tag="310"><subfield code="a">Weekly</subfield></datafield><datafield ind1="0" ind2=" " tag="362"><subfield code="a">Vol. 3, no. 22 (May 21, 1897)-v. 17, no. 1 (Nov. 18, 1910).</subfield></datafield><datafield ind1=" " ind2=" " tag="500"><subfield code="a">For a brief period Gentry adopted the name "Orchard," and issues for Nov. 5, 1897-Mar. 30, 1900 bear this name as the place of publication.</subfield></datafield><datafield ind1=" " ind2=" " tag="580"><subfield code="a">Merged with: Gentry index (non-extant), to form: Journal-advance and Gentry index.</subfield></datafield><datafield ind1=" " ind2="0" tag="651"><subfield code="a">Gentry (Ark.)</subfield><subfield code="v">Newspapers.</subfield></datafield><datafield ind1=" " ind2="7" tag="655"><subfield code="a">Newspapers.</subfield><subfield code="2">fast</subfield><subfield code="0">(OCoLC)fst01423814</subfield></datafield><datafield ind1=" " ind2="7" tag="651"><subfield code="a">Arkansas</subfield><subfield code="z">Gentry.</subfield><subfield code="2">fast</subfield><subfield code="0">(OCoLC)fst01217975</subfield></datafield><datafield ind1=" " ind2=" " tag="752"><subfield code="a">United States</subfield><subfield code="b">Arkansas</subfield><subfield code="c">Benton</subfield><subfield code="d">Gentry.</subfield></datafield><datafield ind1="0" ind2="4" tag="780"><subfield code="t">Gentry journal (Gentry, Ark. : 1894)</subfield><subfield code="w">(DLC)sn 88051059</subfield></datafield><datafield ind1="0" ind2="4" tag="780"><subfield code="t">Decatur advance</subfield><subfield code="w">(DLC)sn 88051060</subfield></datafield><datafield ind1="1" ind2="7" tag="785"><subfield code="t">Gentry index</subfield></datafield><datafield ind1="1" ind2="7" tag="785"><subfield code="t">Journal-advance and Gentry index</subfield><subfield code="w">(DLC)sn 88051057</subfield></datafield></record>